<?xml version="1.0" encoding="UTF-8"?>
<record xmlns="http://www.loc.gov/MARC21/slim" xmlns:xsi="http://www.w3.org/2001/XMLSchema-instance" xsi:schemaLocation="http://www.loc.gov/MARC21/slim http://www.loc.gov/standards/marcxml/schema/MARC21slim.xsd">
<leader>00000cam a22      i 4500</leader>
<controlfield tag="001">002854068</controlfield>
<controlfield tag="003">NNU</controlfield>
<controlfield tag="005">20150914160017.0</controlfield>
<controlfield tag="008">890402s1956    su abc        000 0 ara</controlfield>
<datafield tag="010" ind1=" " ind2=" ">
<subfield code="a">ne 61000017</subfield>
</datafield>
<datafield tag="035" ind1=" " ind2=" ">
<subfield code="a">(OCoLC)23521796</subfield>
<subfield code="z">(OCoLC)318943601</subfield>
</datafield>
<datafield tag="040" ind1=" " ind2=" ">
<subfield code="a">DLC</subfield>
<subfield code="b">eng</subfield>
<subfield code="c">EYM</subfield>
<subfield code="d">DLC</subfield>
<subfield code="d">MEAUC</subfield>
<subfield code="d">OCLCA</subfield>
<subfield code="d">OCLCF</subfield>
<subfield code="d">OCLCQ</subfield>
<subfield code="d">OCLCO</subfield>
<subfield code="d">NNU</subfield>
</datafield>
<datafield tag="043" ind1=" " ind2=" ">
<subfield code="a">a-su---</subfield>
</datafield>
<datafield tag="050" ind1="0" ind2="0">
<subfield code="a">DS248.M4</subfield>
<subfield code="b">F3 1956</subfield>
</datafield>
<datafield tag="100" ind1="1" ind2=" ">
<subfield code="6">880-01</subfield>
<subfield code="a">Fāsī, Muḥammad ibn Aḥmad,</subfield>
<subfield code="d">1373 or 1374-1428 or 1429.</subfield>
</datafield>
<datafield tag="245" ind1="1" ind2="0">
<subfield code="6">880-02</subfield>
<subfield code="a">Shifāʼ al-gharām bi-akhbār al-Balad al-Ḥarām /</subfield>
<subfield code="c">taʼlīf Abī al-Tayyib Taqī al-Dīn Muḥammad ibn Aḥmad ibn ʻAlī al-Fāsī al-Makkī al-Mālikī ; ḥaqqaqa uṣūlahi wa-ʻallaqa ḥawāshīhi lajnah min kibār al-ʻulamāʼ wa-al-udabāʼ.</subfield>
</datafield>
<datafield tag="260" ind1=" " ind2=" ">
<subfield code="6">880-03</subfield>
<subfield code="a">Makkah al-Mukarramah :</subfield>
<subfield code="b">Maktabat al-Naḥdah al-Ḥadīthah,</subfield>
<subfield code="c">1956</subfield>
<subfield code="e">([Cairo] :</subfield>
<subfield code="f">Dār Iḥyāʼ al-Kutub al-ʻArabīyah)</subfield>
</datafield>
<datafield tag="300" ind1=" " ind2=" ">
<subfield code="a">2 volumes :</subfield>
<subfield code="b">illustrations, portraits, maps (some folded) ;</subfield>
<subfield code="c">28 cm</subfield>
</datafield>
<datafield tag="336" ind1=" " ind2=" ">
<subfield code="a">text</subfield>
<subfield code="b">txt</subfield>
<subfield code="2">rdacontent</subfield>
</datafield>
<datafield tag="337" ind1=" " ind2=" ">
<subfield code="a">unmediated</subfield>
<subfield code="b">n</subfield>
<subfield code="2">rdamedia</subfield>
</datafield>
<datafield tag="338" ind1=" " ind2=" ">
<subfield code="a">volume</subfield>
<subfield code="b">nc</subfield>
<subfield code="2">rdacarrier</subfield>
</datafield>
<datafield tag="500" ind1=" " ind2=" ">
<subfield code="a">Romanized.</subfield>
</datafield>
<datafield tag="651" ind1=" " ind2="0">
<subfield code="a">Mecca (Saudi Arabia)</subfield>
<subfield code="x">History.</subfield>
</datafield>
<datafield tag="651" ind1=" " ind2="7">
<subfield code="a">Saudi Arabia</subfield>
<subfield code="z">Mecca.</subfield>
<subfield code="2">fast</subfield>
<subfield code="0">(OCoLC)fst01204780</subfield>
</datafield>
<datafield tag="655" ind1=" " ind2="7">
<subfield code="a">History.</subfield>
<subfield code="2">fast</subfield>
<subfield code="0">(OCoLC)fst01411628</subfield>
</datafield>
<datafield tag="700" ind1="0" ind2=" ">
<subfield code="6">880-04</subfield>
<subfield code="a">Ibn al-Najjār al-Baghdādī,</subfield>
<subfield code="d">1182-1245.</subfield>
<subfield code="t">Nuzʹhah al-thamīnah fī akhbār al-Madīnah.</subfield>
<subfield code="f">1956.</subfield>
</datafield>
<datafield tag="776" ind1="0" ind2="8">
<subfield code="i">Online version:</subfield>
<subfield code="a">Fāsī, Muḥammad ibn Aḥmad, 1373 or 4-1428 or 9.</subfield>
<subfield code="t">Shifāʼ al-gharām bi-akhbār al-Balad al-Ḥarām.</subfield>
<subfield code="d">[1956]</subfield>
<subfield code="w">(OCoLC)579772499</subfield>
</datafield>
<datafield tag="880" ind1="1" ind2=" ">
<subfield code="6">100-01/</subfield>
<subfield code="a">فاسي، محمد بن أحمد.</subfield>
</datafield>
<datafield tag="880" ind1="1" ind2="0">
<subfield code="6">245-02/</subfield>
<subfield code="a">شفاء الغرام باخبار البلد الحرام /</subfield>
<subfield code="c">تأليف ابي التيب تقي الدين محمد بن احمد بن علي الفاسي المكي المالكي ؛ حقق اصوله وعلق حواشيه لجنة من كبار العلماء والادباء.</subfield>
</datafield>
<datafield tag="880" ind1=" " ind2=" ">
<subfield code="6">260-03/</subfield>
<subfield code="a">مكة المكرمة :</subfield>
<subfield code="b">مكتبة النهضة الحديثة،</subfield>
<subfield code="c">1956</subfield>
<subfield code="e">(القاهرة :</subfield>
<subfield code="f">دار إحياء الكتب العربية)</subfield>
</datafield>
<datafield tag="880" ind1="0" ind2=" ">
<subfield code="6">700-04/</subfield>
<subfield code="a">ابن النجار البغدادي،</subfield>
<subfield code="d">1182-1245.</subfield>
<subfield code="t">نزهة الثمينة في اخبار المدينة.</subfield>
<subfield code="f">1956.</subfield>
</datafield>
<datafield tag="OWN" ind1=" " ind2=" ">
<subfield code="a">GENERAL</subfield>
</datafield>
<datafield tag="AVA" ind1=" " ind2=" ">
<subfield code="a">NYU50</subfield>
<subfield code="b">BOBST</subfield>
<subfield code="c">Main Collection</subfield>
<subfield code="d">DS248.M4 F29 1956</subfield>
<subfield code="e">unavailable</subfield>
<subfield code="t">Unavailable</subfield>
<subfield code="f">2</subfield>
<subfield code="g">2</subfield>
<subfield code="h">Y</subfield>
<subfield code="i">4</subfield>
<subfield code="j">MAIN</subfield>
<subfield code="k">0</subfield>
</datafield>
</record>
